<record><leader>00000cas a22000007a 4500</leader><controlfield tag="001">12249027</controlfield><controlfield tag="008">850710d19091911utuwr ne      0    0eng d</controlfield><datafield ind1=" " ind2=" " tag="010"><subfield code="a">sn 85058157 </subfield></datafield><datafield ind1=" " ind2=" " tag="040"><subfield code="a">UNP</subfield><subfield code="b">eng</subfield><subfield code="c">UNP</subfield><subfield code="d">OCLCQ</subfield></datafield><datafield ind1=" " ind2=" " tag="042"><subfield code="a">msc</subfield></datafield><datafield ind1="0" ind2="4" tag="245"><subfield code="a">The Morgan post.</subfield></datafield><datafield ind1=" " ind2=" " tag="260"><subfield code="a">Morgan, Utah :</subfield><subfield code="b">W.H. Adams</subfield></datafield><datafield ind1=" " ind2=" " tag="300"><subfield code="a">v. :</subfield><subfield code="b">ill.</subfield></datafield><datafield ind1=" " ind2=" " tag="310"><subfield code="a">Weekly</subfield></datafield><datafield ind1="1" ind2=" " tag="362"><subfield code="a">Began in 1909?; ceased in 1911?</subfield><subfield code="z">Cf. NIM, 1948-83.</subfield></datafield><datafield ind1=" " ind2=" " tag="525"><subfield code="a">Supplement "Late news from Davis County" issued Apr. 22, 1910.</subfield></datafield><datafield ind1=" " ind2=" " tag="580"><subfield code="a">Continues: Mirror-monitor (non-extant?).</subfield></datafield><datafield ind1=" " ind2=" " tag="588"><subfield code="a">Description based on: Vol. 15, no. 40 (Apr. 1, 1910).</subfield></datafield><datafield ind1=" " ind2=" " tag="752"><subfield code="a">United States</subfield><subfield code="b">Utah</subfield><subfield code="c">Morgan</subfield><subfield code="d">Morgan.</subfield></datafield><datafield ind1="1" ind2="0" tag="780"><subfield code="t">Mirror-monitor</subfield></datafield></record>